<?xml version="1.0" encoding="UTF-8"?><collection xmlns="http://www.loc.gov/MARC21/slim"><record><leader>00466nam--2200133-i-4500</leader><controlfield tag="001">000045467</controlfield><controlfield tag="002">20161230</controlfield><controlfield tag="005">20161230201045</controlfield><controlfield tag="008">060222s1000------------r-----000-0-eng-d</controlfield><datafield ind1=" " ind2=" " tag="080"><subfield code="a">541.54:546.87(043)</subfield></datafield><datafield ind1=" " ind2=" " tag="100"><subfield code="a">Trehoux, Jacques</subfield></datafield><datafield ind1=" " ind2=" " tag="245"><subfield code="a">Pyrochlores de bisnuth a valence mixte: mise en evidence et etude des degres iii et v dans les systemes alcalin-bismuth-oxygene. these</subfield></datafield><datafield ind1=" " ind2=" " tag="260"><subfield code="a">Lille, L`Univ.De Sciences Et Techniques, 1981, 159p.+annexe</subfield></datafield><datafield ind1=" " ind2=" " tag="852"><subfield code="a">71887</subfield></datafield></record></collection>